@manual{oetiket2007lshort,
    author = {Oetiket, T. and Partl, H. and Hyna and Schlegl, E.},
    title = {The not-so-short introduction to Latex},
    url = {http://www.ctan.org/tex-archive/info/lshort/english/lshort.pdf}
}

@book{pentaho32,
   author = {Maria Carina Roldan},
   title = {{Pentaho 3.2 Data Integration: Beginner's Guide}},
   url = {http://www.packtpub.com/pentaho-32-data-integration-beginners-guide/book},
   publisher = {Packt Publishing},
   year = {2010}
}


@manual{downes2002shortams,
  title = 	 {{Short Math Guide for \LaTeX{}}},
  author = 	 {Downes,, Michael},
  organization = {American Mathematical Society},
  year = 	 {2002},
  url = 	 {ftp://ftp.ams.org/pub/tex/doc/amsmath/short-math-guide.pdf}
}

@Book{ungar2002uvod,
  author = 	 {Šime Ungar},
  title = 	 {{Uvod u \TeX{} s naglaskom na \LaTeX 2$\epsilon$}},
  publisher = 	 {Odjel za matematiku, Sveučilište J.J.\ Strossmayera u Osijeku},
  year = 	 {2002}
}

@Article{Narendra_1990,
  author =  {K.S.Narendra and K.Parthsarathy},
  title =  {Identification and Control of Dynamical System
                  using Neural Networks},
  journal = "IEENN",
  year =      {1990},
  volume =    {1},
  number =    {1},
  month =     {},
  pages =     {4-27},
  note =      {},
  annote =    {}
}

@booklet{Xbooklet,
    author   = "",
    title     = "",
    howpublished   = "",
    address  = "",
    year      = "XXXX",
    month    = "",
    note     = ""
}

@conference{Xconference,
    author    = "",
    title     = "",
    booktitle = "",
    editor   = "",
    volume   = "",
    number   = "",
    series   = "",
    pages    = "",
    address  = "",
    year      = "XXXX",
    month    = "",
    publisher= "",
    note     = ""
}

@mastersthesis{Xthesis,
    author    = "",
    title     = "",
    school    = "",
    type     = "diploma thesis",
    address  = "",
    year      = "XXXX",
    month    = "",
    note     = ""
}

@phdthesis{mag_mrsic,
    author    = "Leo Mršić",
    title     = "Primjena metoda rudarenja podataka u trgovini tekstilnim i srodnim proizvodima",
    school    = "Ekonomski fakultet u Zagrebu",
    type     = "Magistarski rad",
    year      = "2004",
    month    = "November"
}


@misc{website:fermentas-lambda,
      author = "WEB {Fermentas Inc.}",
      title = "Page Lambda: description \& restriction map",
      month = "November",
      year = {2008},
      url = "http://www.fermentas.com/techinfo/nucleicacids/maplambda.htm"
}


@misc{web:wikpedia:olap_cube,
    author = "Wikipedia",
    title = "OLAP cube",
    month = "Februar",
    year = {2012}
    url = "http://en.wikipedia.org/wiki/OLAP_cube"
}

@misc{web:wikpedia:pivot_table,
    author = "Wikipedia",
    title = "Pivot table",
    month = "Februar",
    year = {2012}
    url = "http://en.wikipedia.org/wiki/Pivot_table"
}

